<?xml version='1.0' encoding='utf-8'?>
<record xmlns="http://www.loc.gov/MARC21/slim" xmlns:xsi="http://www.w3.org/2001/XMLSchema-instance">
  <leader>00000nam^a22002411^^4500</leader>
  <controlfield tag="001">001863703</controlfield>
  <controlfield tag="005">20121015150841.0</controlfield>
  <controlfield tag="006">m^^^^^^^^d^^^^^^^^</controlfield>
  <controlfield tag="007">cr^bn^---auaua</controlfield>
  <controlfield tag="008">900425m18811881nyuab^^^^^^^^^000^0^eng^d</controlfield>
  <datafield tag="010" ind1=" " ind2=" ">
    <subfield code="a">04013461</subfield>
  </datafield>
  <datafield tag="035" ind1=" " ind2=" ">
    <subfield code="a">(CaOTULAS)176775057</subfield>
  </datafield>
  <datafield tag="035" ind1=" " ind2=" ">
    <subfield code="a">(SAZTEC)023305720</subfield>
  </datafield>
  <datafield tag="035" ind1=" " ind2=" ">
    <subfield code="a">(OCoLC)ocm08065660</subfield>
  </datafield>
  <datafield tag="040" ind1=" " ind2=" ">
    <subfield code="c">SAZTEC</subfield>
    <subfield code="d">MiU</subfield>
    <subfield code="d">MiU-H</subfield>
  </datafield>
  <datafield tag="100" ind1="1" ind2=" ">
    <subfield code="a">Wilson, Charles William,</subfield>
    <subfield code="c">Sir,</subfield>
    <subfield code="d">1836-1905.</subfield>
  </datafield>
  <datafield tag="245" ind1="1" ind2="0">
    <subfield code="a">Picturesque Palestine, Sinai, and Egypt /</subfield>
    <subfield code="c">ed. by Colonel Wilson ... assisted by the most eminent Palestine explorers, etc. With numerous engravings on steel and wood from original drawings by Harry Fenn and J. D. Woodward.</subfield>
  </datafield>
  <datafield tag="260" ind1=" " ind2=" ">
    <subfield code="a">New York :</subfield>
    <subfield code="b">D. Appleton and Co.,</subfield>
    <subfield code="c">[1881-81]</subfield>
  </datafield>
  <datafield tag="300" ind1=" " ind2=" ">
    <subfield code="a">2 v. :</subfield>
    <subfield code="b">ill., maps, plates ;</subfield>
    <subfield code="c">33 cm.</subfield>
  </datafield>
  <datafield tag="500" ind1=" " ind2=" ">
    <subfield code="a">Added t.-p., engraved: Issued in 40 parts.</subfield>
  </datafield>
  <datafield tag="505" ind1="1" ind2=" ">
    <subfield code="a">v. 1. Introduction. By the Very Rev. Dean Stanley.--Jerusalem. By Col. Wilson.--Bethlehem and the north of Judea. By the Rev. Canon Tristram.--The mountains of Judah and Ephraim. By Lieut. Conder.--Samaria and Plain of Esdraelon. by Miss M.E. Rogers.--Esdraelon and Nazareth. by the Rev. Canon Tristram.--Galilee. Northern Galilee. Cæsarea Philippi and the highlands of Galilee. Mount Hermon and its temples. By the Rev. Dr. S. Merrill.--Demascus. By the Rev. Dr. P. Schaff.--Palmyra. The Wady Barada. Baʼalbek. By the Rev. S. Jessup. v. 2. Phœnicia and Lebanon. By the Rev. H.W. [!] Jessup.--The Phœnician plain. By the Rev. Canon Tristram.--Acre, the key of Palestine. Mount Carmel and the river Kishon. Maritime cities and plains of Palestine. by Miss M.E. Rogers.--Lydda and Ramlech. Philistia. by Lt. col. Warren.--The south country of Judæa. By the Rev. Canon Tritram.--The southern borderland and Dead sea. By Professor Palmer.--Mount Hor and the cliffs of Edom. The convent of St. Catherine. By Miss M.E. Rogers.--Sinai, by the Rev. C.P. Clarke.--The land of Goshen. Cairo. Memphis. Thebes. Edfû and Philæ. By S. Lane-Poole.</subfield>
  </datafield>
  <datafield tag="538" ind1=" " ind2=" ">
    <subfield code="a">Mode of access: Internet.</subfield>
  </datafield>
  <datafield tag="590" ind1=" " ind2=" ">
    <subfield code="a">BHL: Bentley Historical Library's copy from the library of Rev. Henry Horatio Northrop.</subfield>
  </datafield>
  <datafield tag="651" ind1=" " ind2="0">
    <subfield code="a">Palestine</subfield>
    <subfield code="x">Description and travel.</subfield>
  </datafield>
  <datafield tag="651" ind1=" " ind2="0">
    <subfield code="a">Sinai (Egypt)</subfield>
    <subfield code="x">Description and travel.</subfield>
  </datafield>
  <datafield tag="852" ind1="8" ind2=" ">
    <subfield code="a">MiU-H</subfield>
    <subfield code="b">BENT</subfield>
    <subfield code="h">2012150 Aa 2</subfield>
  </datafield>
  <datafield tag="852" ind1="8" ind2=" ">
    <subfield code="a">MiU-H</subfield>
    <subfield code="b">BENT</subfield>
    <subfield code="h">2012150 Aa 2</subfield>
  </datafield>
  <datafield tag="997" ind1=" " ind2=" ">
    <subfield code="a">MARS</subfield>
  </datafield>
  <datafield tag="998" ind1=" " ind2=" ">
    <subfield code="c">UTL</subfield>
    <subfield code="s">9662</subfield>
  </datafield>
  <datafield tag="955" ind1=" " ind2=" ">
    <subfield code="b">BENT</subfield>
    <subfield code="p">39015071723501</subfield>
    <subfield code="z">Vol. 1</subfield>
  </datafield>
  <datafield tag="955" ind1=" " ind2=" ">
    <subfield code="b">BENT</subfield>
    <subfield code="p">39015071723519</subfield>
    <subfield code="z">Vol. 2</subfield>
  </datafield>
</record>
